@Book{Design,
author = {Andy Field and Graham Hole},
ALTeditor = {•},
title = {How to Design and Report Experiments},
publisher = {SAGE Publications Ltd},
year = {2003},
pages = {384},
}

@Book{ResearchMethods,
author = {Jonathan Lazar and Jinjuan Heidi Feng and Harry Hochheiser},
ALTeditor = {•},
title = {Research Methods in Human-Computer Interaction},
publisher = {Wiley},
year = {2010},
}

@online{Lard,
key = {Lærd Dissertation},
title = {Threats to external validity},
year = {2012},
note = {\url{http://dissertation.laerd.com/external-validity-p3.php}},
urldate = {2014-07-06}
}

@online{NCTI,
key = {National Center for Technology Innovation},
title = {Validity and Reliability},
year = {2007},
note = {\url{http://www.nationaltechcenter.org/index.php/products/at-research-matters/validity/}},
urldate = {2014-07-06}
}

@article{bonferroni,
author = {Dunn and Olive and Jean},
title = {Multiple Comparisons among Means},
journal = {Journal of the American Statistical Association},
volume = {56},
number = {293},
pages = {52-64},
year = {1961},
doi = {10.1080/01621459.1961.10482090},
URL = {ttp://www.tandfonline.com/doi/abs/10.1080/01621459.1961.10482090},
eprint = {http://www.tandfonline.com/doi/pdf/10.1080/01621459.1961.10482090}
}
